% http://homepage.stat.uiowa.edu/~rlenth/ALPHA/apa-tutorial.pdf

@misc{cite_ICBF_technical_article,
    author = {ICBF},
    title = {{Guía Ténica del Componente de Alimentación y Nutrición para la Población con Discapacidad}},
    note = {\url{www.icbf.gov.co/sites/default/files/procesos/g7.pp_guia_tecnica_de_alimentacion_y_nutricion_para_poblacion_en_discapacidad_v1.pdf}},
    year = {2016}
}

@article{cite_upper_limb_disabilities_self_steem,
    author = {Leon Poltawski and Rhoda Allison and Simon Briscoe and Jennifer Freeman and Cherry Kilbride and Debbie Neal and Ailie J. Turton and Sarah Dean},
    title = {Assessing the impact of upper limb disability following stroke: a qualitative enquiry using internet-based personal accounts of stroke survivors},
    journal = {Disability and Rehabilitation},
    volume = {38},
    number = {10},
    pages = {945-951},
    year  = {2016},
    publisher = {Taylor & Francis},
    doi = {10.3109/09638288.2015.1068383},
    note = {\url{https://doi.org/10.3109/09638288.2015.1068383}},
}

@misc{cite_parkinson_foundation_total_cases,
    author = "{Parkinson's Foundation}",
    title = {Statistics},
    year  = {2020},
    note = {\url{https://www.parkinson.org/Understanding-Parkinsons/Statistics}},
}

@article{cite_upper_limb_prevalence_pain_and_disability,
    author = {Fidaa Almomani and Alghwiri and Alghadir and Al-momani  and Iqbal},
    title = {Prevalence of upper limb pain and disability and its correlates with demographic and personal factors},
    journal = {Journal of Pain Research},
    volume = {12},
    pages = {2691—2700},
    year  = {2019},
    publisher = {Dr Erica Wegrzyn},
    doi = {https://doi.org/10.2147/JPR.S198480},
    note = {\url{https://doi.org/10.2147/JPR.S198480}},
}

@misc{cite_assited_robotics_stanford_lecture_jaffe,
    author = {David L. Jaffe and Drew Nelson and John Thiemer},
    title = {Perspectives in Assistive Technology ENGR110/210},
    year  = {2012},
    publisher = {Stanford Education},
    note = {\url{http://web.stanford.edu/class/engr110/2012/04b-Jaffe.pdf}},
}

@article{cite_park_active_robot_assisted_feeding,
    title = {Active robot-assisted feeding with a general-purpose mobile manipulator: Design, evaluation, and lessons learned},
    journal = {Robotics and Autonomous Systems},
    volume = {124},
    pages = {103344},
    year = {2020},
    issn = {0921-8890},
    doi = {https://doi.org/10.1016/j.robot.2019.103344},
    note = {\url{https://www.sciencedirect.com/science/article/pii/S0921889018307061}},
    author = {Daehyung Park and Yuuna Hoshi and Harshal P. Mahajan and Ho Keun Kim and Zackory Erickson and Wendy A. Rogers and Charles C. Kemp},
}

@misc{cite_university_eia_general,
    author = "{University EIA}",
    title = {Mechatronics Engineering},
    year  = {2021},
    publisher = {University EIA},
    note = {\url{https://www.eia.edu.co/ingenieria-mecatronica/}},
}

@misc{cite_rethink_robotics_baxter_factory_worker,
    author = {Erico Guizzo and Evan Ackerman},
    title = {How Rethink Robotics Built Its New Baxter Robot Worker},
    year  = {2012},
    publisher = {IEE Spectrum},
    note = {\url{https://spectrum.ieee.org/robotics/industrial-robots/rethink-robotics-baxter-robot-factory-worker?utm_source=robots.ieee.org}},
}

@misc{cite_united_nations_sustainable_development,
    author = "{United Nations}",
    title = {Take Action for the Sustainable Development Goals},
    year  = {2012},
    publisher = {United Nations},
    note = {\url{https://www.un.org/sustainabledevelopment/sustainable-development-goals/}},
}

@article{cite_service_robotics_and_human_labor,
    title = {Service Robotics and Human Labor: A first technology assessment of substitution and cooperation},
    journal = {Robotics and Autonomous Systems},
    volume = {87},
    pages = {348-354},
    year = {2017},
    issn = {0921-8890},
    doi = {https://doi.org/10.1016/j.robot.2016.09.017},
    note = {\url{https://www.sciencedirect.com/science/article/pii/S0921889016306285}},
    author = {Michael Decker and Martin Fischer and Ingrid Ott},
}

@Article{cite_SAM_an_assisted_robotic_device_to_help_quadriplegia_persons,
    author={Fattal, Charles and Leynaert, Violaine and Laffont, Isabelle and Baillet, Axelle and Enjalbert, Michel and Leroux, Christophe},
    title={SAM, an Assistive Robotic Device Dedicated to Helping Persons with Quadriplegia: Usability Study},
    journal={International Journal of Social Robotics},
    year={2019},
    month={Jan},
    day={01},
    volume={11},
    number={1},
    pages={89-103},
    issn={1875-4805},
    doi={10.1007/s12369-018-0482-7},
    note={\url{https://doi.org/10.1007/s12369-018-0482-7}}
}

@article{cite_multimodal_execution_monitor_with_anomaly_classification,
    author={D. {Park} and Z. {Erickson} and T. {Bhattacharjee} and C. C. {Kemp}},
    booktitle={2016 IEEE International Conference on Robotics and Automation (ICRA)}, 
    title={Multimodal execution monitoring for anomaly detection during robot manipulation}, 
    year={2016},
    volume={},
    number={},
    pages={407-414},
    doi={10.1109/ICRA.2016.7487160},
    note={\url{https://ieeexplore.ieee.org/document/7487160}}
}

@article{cite_multimodal_anomaly_detector_for_robot_assisted_feeding_LSTM,
    author={D. {Park} and Y. {Hoshi} and C. C. {Kemp}},
    journal={IEEE Robotics and Automation Letters},
    title={A Multimodal Anomaly Detector for Robot-Assisted Feeding Using an LSTM-Based Variational Autoencoder},
    year={2018},
    volume={3},
    number={3},
    pages={1544-1551},
    doi={10.1109/LRA.2018.2801475},
    note={\url{https://ieeexplore.ieee.org/document/8279425}}
}

@misc{cite_patent_mobile_human_friendly_assistive_robot, 
    place={United States},
    title={MOBILE HUMAN-FRIENDLY ASSISTIVE ROBOT},
    number={US 2017/0095382 A1},
    author="{Rensselaer Polytechnic Institute}",
    year={2017},
    note={\url{https://patentimages.storage.googleapis.com/c2/f4/81/2125f3800c4e4b/US20170095382A1.pdf}}
}

@article{cite_robot_for_humanity_empower_people_with_disabilities,
    author = {Chen, Tiffany and Ciocarlie, Matei and Cousins, Steve and Grice, Phillip and Hawkins, Kelsey and Hsiao, Kaijen and Kemp, Charles and King, Chih-Hung and Lazewatsky, Daniel and Leeper, Adam and Nguyen, Hai and Paepcke, Andreas and Pantofaru, Caroline and Smart, William and Takayama, Leila},
    year = {2013},
    month = {03},
    pages = {30-39},
    title = {Robots for Humanity Using Assistive Robotics to Empower People with Disabilities},
    volume = {20},
    journal = {Robotics \& Automation Magazine, IEEE},
    doi = {10.1109/MRA.2012.2229950},
    note = {\url{https://www.researchgate.net/publication/260700777_Robots_for_Humanity_Using_Assistive_Robotics_to_Empower_People_with_Disabilities}}
}

@misc{cite_parkinsons_disease_symptomps_mayo_clinic,
    author = "{Mayo Clinic}",
    title = {Parkinson's disease},
    year  = {2020},
    publisher = {Mayo Clinic Staff},
    note = {\url{https://www.mayoclinic.org/diseases-conditions/parkinsons-disease/symptoms-causes/syc-20376055}},
}

@misc{cite_robots_in_automotive_manufactoring_top_6_applications,
    author = "{Genesis Systems}",
    title = {Robots in Automotive Manufacturing: Top 6 Applications},
    year  = {n.d.},
    publisher = {Genesis Systems},
    note = {\url{https://www.genesis-systems.com/blog/robots-automotive-manufacturing-top-6-applications}},
}

@book{cite_craig_robotics,
    title = {Introduction to Robotics: Mechanics and Control (3rd Edition)},
    author = {John J. Craig},
    isbn = {978-0201543612},
    series = {Third Edition},
    year = {2004},
    publisher = {Pearson Education},
    keywords = {robotics},
    note = {\url{https://www.amazon.com/Introduction-Robotics-Mechanics-Control-3rd/dp/0201543613}}
}

@book{cite_barrientos_robotics_book,
    title = {Fundamentos de robótica},
    author = {Antonio Barrientos and Luis Felipe Peñín and Carlos Balaguer},
    isbn = {8448156366, 9788448156367},
    series = {Second Edition},
    year = {2007},
    publisher = {McGraw-Hill},
    keywords = {robotics},
    note = {\url{https://books.google.com.co/books/about/Fundamentos_de_rob\%C3\%B3tica.html?id=ArEMPAAACAAJ&redir_esc=y}}
}

@book{cite_wheeled_robots_autonomous_book,
    title = {Wheeled Mobile Robotics From Fundamentals Towards Autonomous Systems},
    author = {Gregor Klančar and Andrej Zdešar and Sašo Blažič and Igor Škrjanc},
    isbn = {978-0-12-804204-5},
    series = {},
    year = {2017},
    publisher = {Elsevier Inc},
    keywords = {robotics},
    note = {\url{https://www.sciencedirect.com/book/9780128042045/wheeled-mobile-robotics#book-info}}
}

@article{cite_robots_for_collaboration_with_human_operators,
    author = {Edward, J. and Wannasuphoprasit, Witaya and Peshkin, Michael},
    year = {1999},
    month = {03},
    pages = {},
    title = {Cobots: Robots For Collaboration With Human Operators},
    note = {\url{https://www.researchgate.net/publication/2808147_Cobots_Robots_For_Collaboration_With_Human_Operators}}
}

@misc{cite_rethink_robotics_official_page, 
    title={Rethink Robotics Meets German Engineering},
    author="{Rethink Robotics}",
    year={2020},
    note={\url{https://www.rethinkrobotics.com}}
}

@misc{cite_sdk_baxter_rethink_robotics, 
    title={Baxter Research Robot Wiki},
    author="{Rethink Robotics}",
    year={2015},
    note={\url{https://sdk.rethinkrobotics.com/wiki/Home}}
}

@misc{cite_youtube_baxter_robot_future_employee, 
    title={Baxter robot is the employee for the future},
    author="{Tlife - Rethink Robotics}",
    year={2016},
    note={\url{https://www.youtube.com/watch?v=Jex9eYC8QBQ}}
}

@misc{cite_baxter_joint_names_from_sdk_wiki, 
    title={Baxter Research Robot Hardware Specifications},
    author="{Rethink Robotics}",
    year={2015},
    note={\url{https://sdk.rethinkrobotics.com/wiki/Hardware_Specifications}}
}

@misc{cite_baxter_workspace_from_sdk_wiki, 
    title={Baxter Research Robot Workspace Guidelines},
    author="{Rethink Robotics}",
    year={2015},
    note={\url{https://sdk.rethinkrobotics.com/wiki/Workspace_Guidelines}}
}








