@book{Thrun2005,
author = {Thrun, Sebastian and Burgard, W and Fox, Dieter},
file = {:Users/dccartagena/Library/Application Support/Mendeley Desktop/Downloaded/Thrun, Burgard, Fox - 2005 - Probabilistic robotics (Intelligent Robotics \& Autonomous Agents Series).pdf:pdf},
isbn = {X},
pages = {480},
publisher = {The MIT Press},
title = {{Probabilistic robotics (Intelligent Robotics \& Autonomous Agents Series)}},
url = {http://scholar.google.com/scholar?hl=en\&btnG=Search\&q=intitle:Probabilistic+Robotics\#0},
year = {2005}
}
@article{Riisgaard2003,
author = {Riisgaard, S\o ren and Blas, MR},
file = {:Users/dccartagena/Library/Application Support/Mendeley Desktop/Downloaded/Riisgaard, Blas - 2003 - SLAM for Dummies.pdf:pdf},
pages = {1--127},
title = {{SLAM for Dummies}},
url = {http://burt.googlecode.com/svn-history/r106/trunk/1aslam\_blas\_repo.pdf},
year = {2003}
}
@phdthesis{Menendez2012,
author = {Menendez, Cristina},
file = {:Users/dccartagena/Library/Application Support/Mendeley Desktop/Downloaded/Menendez - 2012 - Navegaci√≥n de robots autonomos en entornos dinamicos.pdf:pdf},
school = {Universidad de Zaragoza},
title = {{Navegacion de robots autonomos en entronos dinamicos}},
year = {2012}
}